% Encoding: UTF-8


@Misc{Bustos2012,
  Title                    = {Le dan voz al lenguaje de señas con tecnología de Microsoft.},

  Author                   = {Bustos, Raime},
  HowPublished             = {\url{http://www.itesm.mx/wps/wcm/connect/snc/portal+informativo/por+tema/educacion/ledanvozasenas16mar12}},
  Month                    = {Marzo},
  Year                     = {2012},

  Owner                    = {oscar},
  Timestamp                = {2015.10.29}
}

@Periodical{CadenaB.2003,
  Title                    = {Aplicación de redes neuronales para el reconocimiento de voz (Base Teórica)},
  Year                     = {2003},
  Language                 = {Español},
  Month                    = {Julio - Diciembre},
  Number                   = {2},
  Url                      = {http://www.uelbosque.edu.co/sites/default/files/publicaciones/revistas/revista_tecnologia/volumen2_numero2/aplicacion_redes_neuronales2-2.pdf},
  Volume                   = {2},

  Author                   = {Cadena B., Juan Carlos},
  HowPublished             = {Revista de tecnología},
  Owner                    = {oscar},
  Timestamp                = {2015.11.11}
}

@Misc{CamargoLopez,
  Title                    = {La comunicación: una necesidad vital.},

  Author                   = {Camargo López, Jesús and Peréz de Camargo, Carmen},
  HowPublished             = {\url{http://www.kairos.org.ar/index.php?option=com_content&view=article&id=951&catid=90%3Aarticulos-de-la-revista-iglesia-y-mision&Itemid=157}},

  Owner                    = {oscar},
  Timestamp                = {2015.10.22}
}

@Article{CruzBeltran,
  Title                    = {Reconocimiento de Voz usando Redes Neuronales
Artificiales Backpropagation y Coeficientes LPC},
  Author                   = {Cruz Beltrán, Luis and Acevedo Mosqueda, Marco},

  Owner                    = {oscar},
  Timestamp                = {2015.12.04}
}

@Book{Faundez2001,
  Title                    = {Tratamiento Digital de Voz e Imagen},
  Author                   = {Faúndez Zanuy, Marcos},
  Editor                   = {Alfaomega},
  Publisher                = {Marcombo, S.A., Barcelona, España},
  Year                     = {2001},

  Owner                    = {oscar},
  Timestamp                = {2015.11.03}
}

@Article{Fernandez,
  Title                    = {RECONOCIMIENTO DE LA VOZ MEDIANTE UNA RED NEURONAL DE KOHONEN},
  Author                   = {Fernández, Merlo and Caram, V and Priegue, R and García Martínez, R},

  Owner                    = {oscar},
  Timestamp                = {2015.12.04}
}

@Misc{Flores,
  Title                    = {La inclusión de la persona sorda.},

  Author                   = {Flores, Cesilia Silvia},
  HowPublished             = {\url{http://www.elcisne.org/noticia/inclusion-persona-sorda/981.html}},

  Owner                    = {oscar},
  Timestamp                = {2015.10.22}
}

@MastersThesis{GarciaGuajardo2011,
  Title                    = {Sistema de reconocimiento de voz usando perceptrón multicapa y coeficientes cepstrales de Mel.},
  Author                   = {García Guajardo, Juan Guillermo},
  School                   = {Universidad Autónoma de Querétaro},
  Year                     = {2011},

  Owner                    = {oscar},
  Timestamp                = {2015.11.11}
}

@Misc{Hsu2008,
  Title                    = {CROSS COMPARE OF SQL SERVER, MYSQL, AND POSTGRESQL},

  Author                   = {Hsu, Leo and Obe, Regina},
  HowPublished             = {\url{http://www.postgresonline.com/journal/archives/51-Cross-Compare-of-SQL-Server,-MySQL,-and-PostgreSQL.html}},
  Month                    = {Mayo},
  Year                     = {2008},

  Owner                    = {oscar},
  Timestamp                = {2015.12.03}
}

@Article{LunaGarcia2015,
  Title                    = {Traductor de lenguaje sordomudo mediante un guante con sensores y una aplicación móvil.},
  Author                   = {Luna García, Helena},
  Journal                  = {UPIITA IPN},
  Year                     = {2015},

  Owner                    = {oscar},
  Timestamp                = {2015.10.29}
}

@MastersThesis{LunaMoreno2001,
  Title                    = {Diseño e Implementación de un Sistema Tutorial basado en Tecnologías de Voz para la Enseñanza de Vocabulario},
  Author                   = {Luna Moreno, Tsuneyuki},
  School                   = {Universidad de las Américas Puebla},
  Year                     = {2001},
  Month                    = {Diciembre},

  Owner                    = {oscar},
  Timestamp                = {2015.12.04},
  Url                      = {http://catarina.udlap.mx/u_dl_a/tales/documentos/lis/luna_m_t/}
}

@Misc{Miranda2003,
  Title                    = {Sordos en México viven en condiciones precarias: UNAM},

  Author                   = {Miranda, Fanny},
  HowPublished             = {\url{http://www.milenio.com/tendencias/Sordos-Mexico-condiciones-precarias-UNAM_0_127787454.html}},
  Month                    = {Agosto},
  Year                     = {2003},

  Owner                    = {oscar},
  Timestamp                = {2015.10.29}
}

@Electronic{Nieto2011,
  Title                    = {¿Qué es Android?},
  Author                   = {Nieto Gonzalez, Alejandro},
  HowPublished             = {\url{http://www.xatakandroid.com/sistema-operativo/que-es-android}},
  Language                 = {Español},
  Month                    = {Febrero},
  Organization             = {Xataka Android},
  Year                     = {2011},

  Owner                    = {oscar},
  Timestamp                = {2015.11.09}
}

@Misc{Oliveira2014,
  Title                    = {Software convierte voz en lenguaje de señas para sordos.},

  Author                   = {de Oliveira, Andrade},
  HowPublished             = {\url{http://www.scidev.net/america-latina/comunicacion/noticias/software-convierte-voz-en-lenguaje-de-se-as-para-sordos.html}},
  Month                    = {Noviembre},
  Year                     = {2014},

  Owner                    = {oscar},
  Timestamp                = {2015.10.29}
}

@MastersThesis{RasconMontiel2009,
  Title                    = {Reconocimiento de voz para un control de acceso mediante red neuronal de retropropagación.},
  Author                   = {Rascón Montiel, Sara Eunice},
  School                   = {ESIME CULHUACAN},
  Year                     = {2009},

  Owner                    = {oscar},
  Timestamp                = {2015.12.04}
}

@Book{Serafin2011,
  Title                    = {manos con voz, DICCIONARIO de LENGUA DE SEÑAS MEXICANA},
  Author                   = {Serafín de Fleischmann, María Esther and González Pérez, Raúl},
  Editor                   = {Libre Acceso, A.C.},
  Publisher                = {Consejo Nacional para Prevenir la Discriminación},
  Year                     = {2011},

  Owner                    = {oscar},
  Timestamp                = {2015.11.03}
}

@Misc{Valencia2012,
  Title                    = {Sordera, discapacidad que aumenta.},

  Author                   = {Valencia, Sonya},
  HowPublished             = {\url{http://www.saludcronica.com/nota.php?id_nota=1633}},
  Month                    = {Febrero},
  Year                     = {2012},

  Owner                    = {oscar},
  Timestamp                = {2015.11.23}
}

@Article{VelezMelendez2004,
  Title                    = {Implementacion de un Algoritmo para Unit Selection para el mejoramiento de Sintesis de Voz en Español},
  Author                   = {Vélez Meléndez, Guillermo},
  Year                     = {2004},

  Month                    = {Diciembre},

  Owner                    = {oscar},
  Timestamp                = {2015.10.22}
}

@Misc{dbms,
  Title                    = {System Properties Comparison Microsoft SQL Server vs. MySQL vs. PostgreSQL},
  HowPublished             = {\url{http://db-engines.com/en/system/Microsoft+SQL+Server%3BMySQL%3BPostgreSQL}},

  Owner                    = {oscar},
  Timestamp                = {2015.12.03}
}

@Electronic{BD2015,
  Title                    = {Introducción - Bases de datos},
  HowPublished             = {\url{http://es.ccm.net/contents/66-introduccion-bases-de-datos}},
  Language                 = {Español},
  Month                    = {Noviembre},
  Organization             = {CCM},
  Year                     = {2015},

  Owner                    = {oscar},
  Timestamp                = {2015.11.09}
}

@Misc{Yucatan2013,
  Title                    = {Traductor del lenguaje de señas mexicano},
  HowPublished             = {\url{http://yucatan.com.mx/tecnologia/traductor-del-lenguaje-de-senas-mexicano}},
  Month                    = {Agosto},
  Year                     = {2013},

  Owner                    = {oscar},
  Timestamp                = {2015.11.11}
}

@Thesis{Aldrete2008,
  author      = {Miroslava Cruz Aldrete},
  title       = {Gramática de la lengua de señas mexicana},
  type        = {phdthesis},
  institution = {El colegio de México, Centro de Estudios Lingüísticos y Literarios},
  year        = {2008},
}

@Report{Mesa,
  author      = {Juan Luis Navarro Mesa},
  title       = {Procesador Acústico: El Bloque de Extracción de Características},
  type        = {techreport},
  institution = {Universidad de Las Palmas de Gran Canaria},
}

@WWW{MediaRadio,
  editor = {Media radio},
  title  = {Tono, intensidad y timbre. Definición y valores expresivos},
  year   = {2016},
  url    = {http://recursos.cnice.mec.es/media/radio/bloque2/pag5b.htm},
}

@WWW{GrupodeAcustica2002,
  author = {Grupo de Acústica, Universidad del País Vasco},
  title  = {La voz humana},
  year   = {2002},
  url    = {http://www.ehu.eus/acustica/espanol/musica/vohues/vohues.html},
}

@Thesis{Alonso1999,
  author      = {Luis Alberto López Alonso},
  title       = {Implementación y Simulación del Procesamiento de la Señal de Voz en la Interfaz de Radio del Sistema de Telefonía Móvil GSM},
  type        = {candthesis},
  institution = {Universidad de Granada},
  year        = {1999},
}

@Thesis{SalcedoCherubini2006,
  author      = {Salcedo Cherubini, Dayana Karina and Teixeira, Alejandro Patricio},
  title       = {Diseño de un Sistema de Reconocimiento del Habla para Controlar Dispositivos Eléctricos},
  type        = {candthesis},
  institution = {Universidad Católica Andrés Bello},
  year        = {2006},
}

@Electronic{SantosPosada2004,
  author = {Santos Posada, Mariano},
  title  = {Constitución de las palabras: sonidos, fonemas y letras},
  year   = {2004},
  url    = {http://roble.pntic.mec.es/msanto1/lengua/1sofolet.htm},
}

@Book{Casacuberta1987,
  author = {Casacuberta, Francisco and Vidal, Enrique},
  title  = {Reconocimiento automático del habla},
  year   = {1987},
  editor = {Mmarcobo},
}

@Book{Oppenheim2011,
  author = {Oppenheim, Alan V. and Schafer, Ronald W.},
  title  = {Tratamiento de seseñal en tiempo discreto},
  year   = {2011},
}

@Article{Rabiner1975,
  author       = {Rabiner, L. R. and Sambur M. R.},
  title        = {An Algorithm for Determining the Endpoints of Isolated Utterances},
  journaltitle = {The Bell System Technical Journal},
  year         = {1975},
}

@Thesis{David2012,
  author      = {David, Bonomo Laynez},
  title       = {Sistemas de verificación automática de locutor},
  type        = {techreport},
  institution = {Universidad de Sevilla},
  year        = {2012},
}

@Book{Rabiner1993,
  author = {Rabiner, Lawrence and Juang, Bing-Hwang},
  title  = {Fundamentals of speech recognition},
  year   = {1993},
}

@Article{A1,
  author       = {Krupakar, Hans and Rajvel, Keerthika and B. Bharathi and Deborah, Angel and Krishnamurthy, Vallidevi},
  title        = {A SURVEY OF VOICE TRANSLATION METHODOLOGIES - ACOUSTIC DIALECT DECODER},
  journaltitle = {International Conference On Information Communication And Embedded System},
  year         = {2016},
}

@Article{A2,
  author       = {Sultana, Rumia and Palit, Rajesh},
  title        = {A Survey on Bengali Speech–to–Text Recognition Techniques},
  journaltitle = {The 9th International Forum on Strategic Technology},
  year         = {2014},
}

@Article{A30,
  author = {Md. Minjanur, Rahman and Fatema, Khatun},
  title  = {DEVELOPMENT OF ISOLATED SPEECH RECOGNITION SYSTEM FOR BANGLA WORDS},
}

@Article{A31,
  author       = {Minjanur, Rahman and Al-Amin, Bhuiyan},
  title        = {Continuous Bangla Speech Segmentation using Short-term Speech Features Extraction Approaches},
  journaltitle = {International Journal of Advanced Computer Science and Applications},
  year         = {2012},
}

@Article{A3,
  author       = {Santosh, Gupta and Kishor M., Bhurchandi and Avinash G., Keskar},
  title        = {An Efficient Noise-Robust Automatic Speech Recognition System using Artificial Neural Networks},
  journaltitle = {International Conference on Communication and Signal Processing},
  year         = {2016},
}

@Article{A6,
  author = {H., Bahi and M., Sellami},
  title  = {Combination of Vector Quantization and Hidden Markov Models for Arabic Speech Recognition},
}

@Article{A7,
  author       = {Costas, Xydeas and Anthony, Erwood},
  title        = {COMBINING FUZZY VECTOR QUANTIZATION AND NEURAL NETWORK CLASSIFICATION FOR ROBUST ISOLATED WORD SPEECH RECOGNITION},
  journaltitle = {SINGAPORE ICCS},
  year         = {1994},
}

@Article{A8,
  author = {Costas, Xydeas and Lin, Cong},
  title  = {Combining Neural Network Classification with Fuzzy Vector Quantization and Hidden Markov Models for Robust Isolated Word Speech Recognition},
}

@Article{A13,
  author       = {Cuiling, Lv.},
  title        = {English speech recognition method based on Hidden Markov model},
  journaltitle = {International Conference on Smart Grid and Electrical Automation},
  year         = {2016},
}

@Article{Nawel2016,
  author       = {Nawel, Souissi. and Adnane, Cherif.},
  title        = {Speech Recognition System Based on Short-term Cepstral Parameters, Feature Reduction Method and Artificial Neural Networks},
  journaltitle = {2nd International Conference on Advanced Technologies for Signal and Image Processing},
  year         = {2016},
}

@Article{ALEXANDER1989,
  author       = {ALEXANDER, WAIBEL. and TOSHIYUKI, HANAZAWA. and GEOFFREY, HINTON. and KIYOHIRO, SHIKANO. and KEVIN J., LANG.},
  title        = {Phoneme Recognition Using Time-Delay Neural Networks},
  journaltitle = {IEEE TRANSACTIONS ON ACOUSTICS, SPEECH, AND SIGNAL PROCESSING, VOL. 31. NO. 3},
  year         = {1989},
}

@Article{Yoshua1992,
  author       = {Yoshua, Bengio. and Renato, De Mori. and Giovanni, Flammia. and Ralf, Kompe.},
  title        = {Global Optimization of a Neural Network-Hidden Markov Model Hybrid},
  journaltitle = {IEEE TRANSACTIONS ON NEURAL NETWORKS, VOL. 3, NO. 2},
  year         = {1992},
}

@WWW{webservice,
  title = {¿Qué es y para qué sirve un web service?},
  url   = {http://culturacion.com/que-es-y-para-que-sirve-un-web-service/},
}

@Comment{jabref-meta: databaseType:biblatex;}
